@inproceedings{belkin2002using,
  author={Belkin, Mikhail and Niyogi, Partha},
  title={Using manifold stucture for partially labeled classification},
  booktitle={Advances in neural information processing systems},
  pages={929--936},
  year={2002}
}

@article{berard1994embedding,
  author={B{\'e}rard, Pierre and Besson, G{\'e}rard and Gallot, Sylvain},
  title={Embedding Riemannian manifolds by their heat kernel},
  journal={Geometric \& Functional Analysis GAFA},
  volume={4},
  number={4},
  pages={373--398},
  year={1994},
  publisher={Springer}
}

@misc{iCite2019,
  author       = {Hutchins, Brian I. and Santangelo, Gary},
  title        = {{iCite Database Snapshots (NIH Open Citation Collection)}},
  howpublished = {\url{https://figshare.com}},
  year         = {2019},
  publisher    = {figshare},
  doi          = {10.35092/yhjc.c.4586573}
}

@article{Litvak,
  author={Litvak, Nelly and van der Hofstad, Remco}, 
  title={Uncovering disassortativity in large scale-free networks},
  journal={Physical Review E}, 
  volume={87}, 
  number={2}, 
  year={2013}, 
  month={Feb},
  DOI={10.1103/physreve.87.022801}
}

@article{article,
  author = {Popescu, Marius-Constantin and Balas, Valentina and Perescu-Popescu, Liliana and Mastorakis, Nikos},
  title = {Multilayer perceptron and neural networks},
  journal = {WSEAS Transactions on Circuits and Systems},
  volume = {8},
  pages = {},
  year = {2009},
  month = {07}
}

@misc{kingma2017adammethodstochasticoptimization,
  author={Diederik P. Kingma and Jimmy Ba},
  title={Adam: A Method for Stochastic Optimization},
  year={2017},
  eprint={1412.6980},
  archivePrefix={arXiv},
  primaryClass={cs.LG},
  url={https://arxiv.org/abs/1412.6980}
}

@misc{lundberg2017unifiedapproachinterpretingmodel,
  author={Scott Lundberg and Su-In Lee},
  title={A Unified Approach to Interpreting Model Predictions},
  year={2017},
  eprint={1705.07874},
  archivePrefix={arXiv},
  primaryClass={cs.AI},
  url={https://arxiv.org/abs/1705.07874}
}

@article{abbasi2011identifying,
  author={Abbasi, Alireza and Altmann, J{\"o}rn and Hossain, Liaquat},
  title={Identifying the effects of co-authorship networks on the performance of scholars: A correlation and regression analysis of performance measures and social network analysis measures},
  journal={Journal of Informetrics},
  volume={5},
  number={4},
  pages={594--607},
  year={2011},
  publisher={Elsevier}
}

@article{barabasi2002evolution,
  author={Barab{\'a}si, A.L. and Jeong, H. and N{\'e}da, Z. and Ravasz, E. and Schubert, A. and Vicsek, T.},
  title={Evolution of the social network of scientific collaborations},
  journal={Physica A: Statistical Mechanics and its Applications},
  volume={311},
  number={3-4},
  pages={590--614},
  year={2002},
  publisher={Elsevier}
}

@article{borner2005studying,
  author={B{\"o}rner, Katy and Dall'Asta, Luca and Ke, Weimao and Vespignani, Alessandro},
  title={Studying the Emerging Global Brain: Analyzing and Visualizing the Impact of Co-Authorship Teams},
  journal={Complexity},
  year={2005}
}

@article{gonzalez2015evolution,
  author={González-Alcaide, Gregorio and Park, Jinseo and Huamaní, Charles and Belinchón, Isabel and Ramos, José M.},
  title={Evolution of Cooperation Patterns in Psoriasis Research: Co-Authorship Network Analysis of Papers in Medline (1942–2013)},
  journal={PLoS ONE},
  volume={10},
  number={12},
  pages={e0144837},
  year={2015},
  publisher={Public Library of Science},
  doi={10.1371/journal.pone.0144837}
}

@article{jeong2003measuring,
  author={Jeong, H. and Néda, Z. and Barabási, A. L.},
  title={Measuring preferential attachment in evolving networks},
  journal={Europhysics Letters},
  volume={61},
  number={4},
  pages={567--572},
  year={2003},
  publisher={IOP Publishing}
}

@article{hutchins2016relative,
  author={Hutchins, B. Ian and Yuan, Xin and Anderson, James M. and Santangelo, George M.},
  title={Relative Citation Ratio (RCR): A New Metric That Uses Citation Rates to Measure Influence at the Article Level},
  journal={PLoS Biology},
  volume={14},
  number={9},
  pages={e1002541},
  year={2016},
  publisher={Public Library of Science},
  doi={10.1371/journal.pbio.1002541}
}

@article{newman2004coauthorship,
  author={Newman, M. E. J.},
  title={Coauthorship networks and patterns of scientific collaboration},
  journal={Proceedings of the National Academy of Sciences},
  volume={101},
  number={suppl. 1},
  pages={5200--5205},
  year={2004},
  publisher={National Academy of Sciences},
  doi={10.1073/pnas.0307545100}
}

@article{rozemberczki2022shapley,
  author={Rozemberczki, Benedek and Watson, Lauren and Bay{\'e}r, Peter and Yang, Hao-Tsung and Kiss, Oliver and Nilsson, Sebastian and Sarkar, Rik},
  title={The {Shapley} Value in Machine Learning},
  journal={arXiv preprint arXiv:2202.05594},
  year={2022},
  eprint={2202.05594},
  archivePrefix={arXiv},
  primaryClass={cs.LG},
}

@article{wagner2011approaches,
  author={Wagner, Caroline S. and Roessner, J. David and Bobb, Kamau and Klein, Julie Thompson and Boyack, Kevin W. and Keyton, Joann and Rafols, Ismael and B{\"o}rner, Katy},
  title={Approaches to understanding and measuring interdisciplinary scientific research ({IDR}): A review of the literature},
  journal={Journal of Informetrics},
  volume={5},
  number={1},
  pages={14--26},
  year={2011},
  publisher={Elsevier},
  doi={10.1016/j.joi.2010.06.004}
}

@article{yan2012scholarly,
  author={Yan, Erjia and Ding, Ying},
  title={Scholarly network similarities: How bibliographic coupling networks, citation networks, co-citation networks, topical networks, coauthorship networks, and co-word networks relate to each other},
  journal={Journal of the American Society for Information Science and Technology},
  year={2012},
  publisher={Wiley},
}

@article{iniquez2023universal,
  author={Iñiguez, Gerardo and Heydari, Sara and Kertész, János and Saramäki, Jari}, 
  title={Universal patterns in egocentric communication networks},
  journal={Nature Communications}, 
  volume={14}, 
  number={5217}, 
  year={2023}, 
  month={Aug},
  DOI={10.1038/s41467-023-40888-5}
}

@article{lariviere2015team,
  author={Larivière, Vincent and Gingras, Yves and Sugimoto, Cassidy R. and Tsou, Andrew}, 
  title={Team Size Matters: Collaboration and Scientific Impact Since 1900},
  journal={Journal of the Association for Information Science and Technology}, 
  volume={66}, 
  number={7}, 
  pages={1323--1332},
  year={2015}, 
  month={Jul},
  DOI={10.1002/asi.23266}
}

@article{watts1998collective,
  author={Watts, Duncan J. and Strogatz, Steven H.}, 
  title={Collective dynamics of 'small-world' networks},
  journal={Nature}, 
  volume={393}, 
  number={6684}, 
  pages={440--442},
  year={1998}, 
  month={Jun}
}